<record><leader>00000cas a22000007a 4500</leader><controlfield tag="001">12375274</controlfield><controlfield tag="008">850812d19041960paudn ne      0    0eng d</controlfield><datafield ind1=" " ind2=" " tag="010"><subfield code="a">sn 85054730 </subfield></datafield><datafield ind1=" " ind2=" " tag="040"><subfield code="a">NPH</subfield><subfield code="b">eng</subfield><subfield code="c">NPH</subfield><subfield code="d">OCLCQ</subfield></datafield><datafield ind1=" " ind2=" " tag="042"><subfield code="a">msc</subfield></datafield><datafield ind1="0" ind2="0" tag="245"><subfield code="a">Lock Haven express.</subfield></datafield><datafield ind1="1" ind2="7" tag="246"><subfield code="a">Evening express</subfield></datafield><datafield ind1=" " ind2=" " tag="260"><subfield code="a">Lock Haven, Pa. :</subfield><subfield code="b">J.B.G. Kinsloe and Sons,</subfield><subfield code="c">1904-1960.</subfield></datafield><datafield ind1=" " ind2=" " tag="300"><subfield code="a">56 v.</subfield></datafield><datafield ind1=" " ind2=" " tag="310"><subfield code="a">Daily (except Sunday)</subfield></datafield><datafield ind1="0" ind2=" " tag="362"><subfield code="a">23rd year, no. 28 (Apr. 1, 1904)-v. 79, no. 218 (Nov. 12, 1960).</subfield></datafield><datafield ind1=" " ind2=" " tag="752"><subfield code="a">United States</subfield><subfield code="b">Pennsylvania</subfield><subfield code="c">Clinton</subfield><subfield code="d">Lock Haven.</subfield></datafield><datafield ind1="0" ind2="0" tag="780"><subfield code="t">Evening express (Lock Haven, Pa. : 1897)</subfield><subfield code="w">(DLC)sn 85054729</subfield></datafield><datafield ind1="0" ind2="0" tag="785"><subfield code="t">Express (Lock Haven, Pa. : 1960)</subfield><subfield code="w">(DLC)sn 85054731</subfield></datafield></record>